@article{vostinar_SpatialStructureCan_2019,
	title = {Spatial {Structure} {Can} {Decrease} {Symbiotic} {Cooperation}},
	volume = {24},
	issn = {1064-5462},
	url = {https://doi.org/10.1162/artl_a_00273},
	doi = {10.1162/artl_a_00273},
	number = {4},
	urldate = {2021-06-12},
	journal = {Artificial Life},
	author = {Vostinar, Anya E. and Ofria, Charles},
	month = mar,
	year = {2019},
	pages = {229--249}
}
